@article{Baumann:2005:SEA:1069593.1069707,
    author = {Baumann, Robert},
    title = {Soft Errors in Advanced Computer Systems},
    journal = {IEEE Des. Test},
    issue_date = {May 2005},
    volume = {22},
    number = {3},
    month = may,
    year = {2005},
    issn = {0740-7475},
    pages = {258--266},
    numpages = {9},
    url = {http://dx.doi.org/10.1109/MDT.2005.69},
    doi = {10.1109/MDT.2005.69},
    acmid = {1069707},
    publisher = {IEEE Computer Society Press},
    address = {Los Alamitos, CA, USA},
    keywords = {circuit operation, ground-level radiation mechanism, soft-error sensitivity, soft-error sensitivity, ground-level radiation mechanism, circuit operation, technology scaling, technology scaling},
}
@article{Krishnaswamy:2008:PTM:1297666.1297674,
    author = {Krishnaswamy, Smita and Viamontes, George F. and Markov, Igor L. and Hayes, John P.},
    title = {Probabilistic Transfer Matrices in Symbolic Reliability Analysis of Logic Circuits},
    journal = {ACM Trans. Des. Autom. Electron. Syst. },
    issue_date = {January 2008},
    volume = {13},
    number = {1},
    month = feb,
    year = {2008},
    issn = {1084-4309},
    pages = {8:1--8:35},
    articleno = {8},
    numpages = {35},
    url = {http://doi.acm.org/10.1145/1297666.1297674},
    doi = {10.1145/1297666.1297674},
    acmid = {1297674},
    publisher = {ACM},
    address = {New York, NY, USA},
    keywords = {Symbolic analysis, fault tolerance},
}
@INPROCEEDINGS{580054,
    author={Bahar, R.I. and Frohm, E.A. and Gaona, C.M. and Hachtel, G.D. and Macii, E. and Pardo, A. and Somenzi, F.},
    booktitle={Computer-Aided Design, 1993. ICCAD-93. Digest of Technical Papers., 1993 IEEE/ACM International Conference on},
    title={Algebraic decision diagrams and their applications},
    year={1993},
    pages={188-191},
    keywords={logic design;Boolean algebras;algebraic decision diagrams;arbitrary finite domain;binary decision diagrams;formal verification;logic synthesis;matrix multiplication;shortest path algorithms;Application software;Arithmetic;Binary decision diagrams;Boolean algebra;Boolean functions;Data structures;Digital systems;Formal verification;Logic testing;System testing},
    doi={10.1109/ICCAD.1993.580054},
}
@article{松永裕介:2008-09-29,
    author="Matsunaga, Yusuke",
    title="On exact estimation of logic masking effect for soft erros on combinational circuits",
    journal="IEICE Technical Report. Image Engineering.",
    ISSN="09196072",
    publisher="The Institute of Electronics, Information and Communication Engine",
    year="2008",
    month="sep",
    volume="108",
    number="229",
    pages="53-58",
    URL="http://ci.nii.ac.jp/naid/110007081856/",
    DOI="",
}
@article{10.1109/MDT.2007.146,
    author = {Smita Krishnaswamy and Igor L. Markov and John P. Hayes},
    title = {Tracking Uncertainty with Probabilistic Logic Circuit Testing},
    journal ={IEEE Design &amp; Test of Computers},
    volume = {24},
    number = {4},
    issn = {0740-7475},
    year = {2007},
    pages = {312-321},
    doi = {http://doi.ieeecomputersociety.org/10.1109/MDT.2007.146},
    publisher = {IEEE Computer Society},
    address = {Los Alamitos, CA, USA},
}
@misc{LGSynth93,
    author = {Ken, McElvain and Mentor, Graphics},
    title = {{LGSynth93 Benchmark Set: Version 4.0 ACM/SIGDA benchmarks (archived by Franc Brglez)}},
    howpublished={\url{http://www.cbl.ncsu.edu:16080/benchmarks/LGSynth93/}}
}
@misc{Support,
    author = {Intel Corporation},
    title = {Support for Processors},
    howpublished={\url{http://www.intel.com/p/en_US/support/processors}}
}
@article {BLTJ:BLTJ1585,
    author = {Lee, C. Y.},
    title = {Representation of Switching Circuits by Binary-Decision Programs},
    journal = {Bell System Technical Journal},
    volume = {38},
    number = {4},
    publisher = {Blackwell Publishing Ltd},
    issn = {1538-7305},
    url = {http://dx.doi.org/10.1002/j.1538-7305.1959.tb01585.x},
    doi = {10.1002/j.1538-7305.1959.tb01585.x},
    pages = {985--999},
    year = {1959},
}
@article{zdd-app,
    year={2001},
    issn={1433-2779},
    journal={International Journal on Software Tools for Technology Transfer},
    volume={3},
    number={2},
    doi={10.1007/s100090100038},
    title={Zero-suppressed BDDs and their applications},
    url={http://dx.doi.org/10.1007/s100090100038},
    publisher={Springer-Verlag},
    keywords={Key words: BDD – ZBDD – Boolean function – VLSI CAD – Combinatorial problem},
    author={Minato, Shin-ichi},
    pages={156-170},
    language={English},
}
@misc{Support,
    author = {Intel Corporation},
    title = {Support for Processors},
    howpublished={\url{http://www.intel.com/p/en_US/support/processors}},
}
@inbook{knuth2014art,
    title={The Art of Computer Programming, Volume 4A: Combinatorial Algorithms},
    author={Knuth, D.E.},
    number={Part 1},
    isbn={9780133488852},
    year={2014},
    publisher={Pearson Education},
    pages={273}
}
@article{GiNaC,
  added-at = {2003-11-19T00:00:00.000+0100},
  author = {Bauer, Christian and Frink, Alexander and Kreckel, Richard},
  biburl = {http://www.bibsonomy.org/bibtex/246596c71673b708d19e346a32c78de6f/dblp},
  date = {2003-11-19},
  description = {dblp},
  ee = {http://dx.doi.org/10.1006/jsco.2001.0494},
  interhash = {d3482c2af40477f62a91fb97fefdba1c},
  intrahash = {46596c71673b708d19e346a32c78de6f},
  journal = {J. Symb. Comput.},
  keywords = {dblp},
  number = 1,
  pages = {1-12},
  timestamp = {2003-11-19T00:00:00.000+0100},
  title = {Introduction to the \mbox{GiNaC} Framework for Symbolic Computation within the C++ Programming Language.},
  url = {http://dblp.uni-trier.de/db/journals/jsc/jsc33.html#BauerFK02},
  volume = 33,
  year = 2002
}
@INPROCEEDINGS{mapreduce,
    author = {Jeffrey Dean and Sanjay Ghemawat},
    title = {MapReduce: simplified data processing on large clusters},
    booktitle = {OSDI’04 Proceedings of the 6th Conference on Symposium on Operating Systems Design and Implementation},
    year = {2004},
    publisher = {USENIX Association}
}
